@book{windows,
    title={Windows Internals, Part 1},
    author={Russinovich, Mark E and Solomon, David A and Ionescu, Alex},
    year={2012},
    publisher={Pearson Education},
}

@book{freebsd,
    title={The design and implementation of the FreeBSD operating system},
    author={McKusick, Marshall Kirk and Neville-Neil, George V and Watson, Robert NM},
    year={2014},
    publisher={Pearson Education},
}
@book{lkd,
  author =       "Robert Love",
  title =        "{Linux} kernel development",
  publisher =    "Novell Press",
  address =      "Indianapolis, IN, USA",
  edition =      "Second",
  pages =        "xvi + 401",
  year =         "2005",
  ISBN =         "0-672-32720-1 (paperback)",
  ISBN-13 =      "978-0-672-32720-9 (paperback)",
  LCCN =         "QA76.76.O63 L673 2005",
  bibdate =      "Thu Jul 14 11:58:09 MDT 2005",
  bibsource =    "http://www.math.utah.edu/pub/tex/bib/linux.bib;
                 http://www.math.utah.edu/pub/tex/bib/unix.bib;
                 z3950.loc.gov:7090/Voyager",
  acknowledgement = ack-nhfb,
  subject =      "Linux; Operating systems (Computers)",
}
